@book{katok,
	author = {Svetlana Katok},
	title = {$p$-adic Analysis Compared with Real},
	year = {2007},
	publisher = {American Mathematical Society},
	address = {Providence, Rhode Island},
}

@book{knus,
	author = {Max-Albert Knus},
	title = {Quadratic and Hermitian Forms over Rings},
	year = {1991},
	publisher = {Springer-Verlag},
	address = {Berlin, Germany},
}

@article{jordan,
	author = {Jordan,D. A.},
	title = {Some Examples of Noncommutative Local Rings},
	journal = {Glasgow Mathematical Journal},
	volume = {32},
	issue = {01},
	month = {1},
	year = {1990},
	issn = {1469-509X},
	pages = {79--86},
	numpages = {8},
	doi = {10.1017/S0017089500009083},
	URL = {http://journals.cambridge.org/article_S0017089500009083},
}

@article{cruickshank,
	author = {Cruickshank, J. and Herman, A. and Quinlan, R. and Szechtman, F.},
	title = {Unitary Groups Over Local Rings},
	journal = {Journal of Algebra and Its Applications},
	volume = {13},
	issue = {2},
	issn = {1350093},
	month={9},
	year={2013},
	publisher = {World Scientific Publishing Company},
	doi = {10.1142/S021949881350093X},
}

@misc{milneANT,
	author={Milne, James S.},
	title={Algebraic Number Theory (v3.01)},
	year={2008},
	note={Available at www.jmilne.org/math/},
	pages={155+viii}
}

@book{samuel,
	author={Samuel, Pierre},
	title={Algebraic Theory of Numbers},
	publisher={Hermann},
	address={Paris, France},
	year={1970},
}

@book{serre,
	author={Serre, Jean-Pierre},
	title={Local Fields},
	publisher={Springer-Verlag},
	address={New York, United States},
	year={1979},
}

@book{hungerford,
	author={Hungerfor, Thomas W.},
	title={Algebra},
	publisher={Springer-Verlag},
	address={New York, United States},
	year={1974}
}	